@online{slideSBR,
    title     = "Slide di presentazione a StatsBombR",
    url       = "http://statsbomb.com/wp-content/uploads/2019/12/Using-StatsBomb-Data-In-R.pdf"
}

@online{StatsBomb,
    title     = "Pagina web StatsBomb",
    url       = "https://statsbomb.com"
}

@online{StatsBombRGithub,
    title     = "Repository GitHub StatsBombR",
    url       = "https://github.com/statsbomb/StatsBombR"
}

@online{funzioniR,
    title     = "Elenco funzioni R di StatsBombR",
    url       = "https://github.com/statsbomb/StatsBombR/tree/master/R"
}

@online{FCrSTATSGithub,
    title     = "Collezione di repository GitHub FCrSTATS",
    url       = "https://github.com/FCrSTATS"
}

@online{SportAnalytics,
    title     = "Pagina Wikipedia Sport Analytics",
    url       = "https://en.wikipedia.org/wiki/Sports_analytics"
}

@online{CRAN,
    title     = "Archivio CRAN",
    url       = "https://cran.r-project.org/"
}

@online{StatsBombFreeEventsError,
    title     = "Errore funzione StatsBombFreeEvents()",
    url       = "https://github.com/statsbomb/StatsBombR/issues/17"
}

@online{TernaryPlot,
    title     = "Ternary Plot",
    url       = "https://en.wikipedia.org/wiki/Ternary_plot"
}

@online{K-means,
    title     = "Procedura K-means",
    url       = "https://en.wikipedia.org/wiki/K-means_clustering"
}

@online{xG,
    title     = "Metrica xG",
    url       = "https://statsbomb.com/soccer-metrics/expected-goals-xg-explained"
}

@online{Articolo,
    title     = "Articolo xG",
    url       = "http://rua.ua.es/dspace/handle/10045/68771"
}

@online{Semi-auto-offside,
    title     = "Spiegazione fuorigioco semi-automatico",
    url       = "https://www.fifa.com/technical/football-technology/football-technologies-and-innovations-at-the-fifa-world-cup-2022/semi-automated-offside-technology"
}

@online{gpexe,
    title     = "Sito azienda gpexe",
    url       = "https://www.gpexe.com"
}